<?xml version="1.0" encoding="UTF-8"?><collection xmlns="http://www.loc.gov/MARC21/slim"><record><leader>00386nam--2200157-i-4500</leader><controlfield tag="001">000003467</controlfield><controlfield tag="002">20161230</controlfield><controlfield tag="005">20170103235950</controlfield><controlfield tag="008">060222s1000------------r-----000-0-eng-d</controlfield><datafield ind1=" " ind2=" " tag="100"><subfield code="a">Comparat, Paul</subfield></datafield><datafield ind1=" " ind2=" " tag="245"><subfield code="a">Uranium 235 et plutonium 239</subfield></datafield><datafield ind1=" " ind2=" " tag="260"><subfield code="a">Paris</subfield><subfield code="b">Gauthier-Villars</subfield><subfield code="c">1948</subfield></datafield><datafield ind1=" " ind2=" " tag="300"><subfield code="a">109 p. 1 F</subfield></datafield><datafield ind1=" " ind2=" " tag="700"><subfield code="a">©cochard, F</subfield></datafield><datafield ind1=" " ind2=" " tag="852"><subfield code="a">1699</subfield></datafield><datafield ind1=" " ind2=" " tag="CAT"><subfield code="a">SYS</subfield><subfield code="c">20170103</subfield><subfield code="h">235950</subfield></datafield></record></collection>